<record xmlns="http://www.loc.gov/MARC21/slim" xmlns:xsi="http://www.w3.org/2001/XMLSchema-instance" xsi:schemaLocation="http://www.loc.gov/MARC21/slim http://www.loc.gov/standards/marcxml/schema/MARC21slim.xsd"><leader>02489nam a2200505   4500</leader><controlfield tag="001">3527901</controlfield><controlfield tag="003">NIC</controlfield><controlfield tag="006">m        d        </controlfield><controlfield tag="007">cr cn |||m|||a</controlfield><controlfield tag="008">150113s1967    iq h    ob    001 0 ara  </controlfield><datafield ind1=" " ind2=" " tag="040"><subfield code="a">NNU</subfield><subfield code="b">eng</subfield><subfield code="e">rda</subfield><subfield code="c">NNU</subfield></datafield><datafield ind1="0" ind2="4" tag="050"><subfield code="a">PJ6161</subfield><subfield code="b">.B78 1967</subfield></datafield><datafield ind1="0" ind2=" " tag="130"><subfield code="6">880-01</subfield><subfield code="a">Burha&#772;n fi&#772; wuju&#772;h al-baya&#772;n .</subfield></datafield><datafield ind1="0" ind2="3" tag="245"><subfield code="6">880-02</subfield><subfield code="a">al-Burha&#772;n fi&#772; wuju&#772;h al-baya&#772;n /</subfield><subfield code="c">[allafahu] Abu&#772; al-H&#803;usayn Ish&#803;a&#772;q ibn Ibra&#772;hi&#772;m ibn Sulayma&#772;n ibn Wahb al-Ka&#772;tib ; tah&#803;qi&#772;q Ah&#803;mad Mat&#803;lu&#772;b, Khadi&#772;jah al-H&#803;adi&#772;thi&#772;.</subfield></datafield><datafield ind1="3" ind2=" " tag="246"><subfield code="6">880-03</subfield><subfield code="a">Naqd al-nathr</subfield></datafield><datafield ind1=" " ind2=" " tag="250"><subfield code="6">880-04</subfield><subfield code="a">al-T&#803;ab&#699;ah 1.</subfield></datafield><datafield ind1=" " ind2=" " tag="260"><subfield code="6">880-05</subfield><subfield code="a">[Baghda&#772;d] :</subfield><subfield code="b">Ja&#772;mi&#699;at Baghda&#772;d,</subfield><subfield code="c">1967.</subfield></datafield><datafield ind1=" " ind2=" " tag="300"><subfield code="a">online resource (478 pages) :</subfield><subfield code="b">facsimiles</subfield></datafield><datafield ind1=" " ind2=" " tag="336"><subfield code="a">text</subfield><subfield code="2">rdacontent</subfield></datafield><datafield ind1=" " ind2=" " tag="337"><subfield code="a">computer</subfield><subfield code="2">rdamedia</subfield></datafield><datafield ind1=" " ind2=" " tag="338"><subfield code="a">online resource</subfield><subfield code="2">rdacarrier</subfield></datafield><datafield ind1=" " ind2=" " tag="500"><subfield code="a">Part of the Arabic Collections Online (ACO) project, contributed by Cornell University Libraries.</subfield></datafield><datafield ind1=" " ind2=" " tag="504"><subfield code="a">Includes bibliographical references and index.</subfield></datafield><datafield ind1=" " ind2=" " tag="533"><subfield code="a">Electronic reproduction.</subfield><subfield code="b">New York, N.Y. :</subfield><subfield code="c">New York University,</subfield><subfield code="d">2015.</subfield><subfield code="5">NNU</subfield></datafield><datafield ind1=" " ind2="0" tag="650"><subfield code="a">Arabic language</subfield><subfield code="x">Rhetoric.</subfield></datafield><datafield ind1=" " ind2="7" tag="650"><subfield code="a">Arabic language</subfield><subfield code="x">Rhetoric.</subfield><subfield code="2">fast</subfield><subfield code="0">(OCoLC)fst00812415</subfield></datafield><datafield ind1="1" ind2=" " tag="700"><subfield code="6">880-06</subfield><subfield code="a">Ka&#772;tib, Ish&#803;a&#772;q ibn Ibra&#772;hi&#772;m.</subfield></datafield><datafield ind1="0" ind2=" " tag="700"><subfield code="6">880-07</subfield><subfield code="a">Quda&#772;mah ibn Ja&#699;far,</subfield><subfield code="d">-922?</subfield></datafield><datafield ind1="1" ind2=" " tag="700"><subfield code="6">880-08</subfield><subfield code="a">Mat&#803;lu&#772;b, Ah&#803;mad.</subfield></datafield><datafield ind1="1" ind2=" " tag="700"><subfield code="6">880-09</subfield><subfield code="a">H&#803;adi&#772;thi&#772;, Khadi&#772;jah.</subfield></datafield><datafield ind1="2" ind2=" " tag="710"><subfield code="a">Cornell University.</subfield><subfield code="b">Libraries.</subfield></datafield><datafield ind1="0" ind2=" " tag="730"><subfield code="a">Arabic Collections Online.</subfield></datafield><datafield ind1="0" ind2="8" tag="776"><subfield code="i">Print version:</subfield><subfield code="t">al-Burha&#772;n fi&#772; wuju&#772;h al-baya&#772;n</subfield><subfield code="w">(NIC)3527901</subfield><subfield code="w">(DLC)ne 68003583 </subfield><subfield code="w">(OCoLC)31085910</subfield></datafield><datafield ind1="4" ind2="0" tag="856"><subfield code="u">http://hdl.handle.net/2333.1/wpzgmvnz</subfield></datafield><datafield ind1="0" ind2=" " tag="880"><subfield code="6">130-01/r</subfield><subfield code="a">&#8207;&#1576;&#1585;&#1607;&#1575;&#1606; &#1601;&#1610; &#1608;&#1580;&#1608;&#1607; &#1575;&#1604;&#1576;&#1610;&#1575;&#1606;.</subfield></datafield><datafield ind1="0" ind2="2" tag="880"><subfield code="6">245-02/r</subfield><subfield code="a">&#1575;&#1604;&#1576;&#1585;&#1607;&#1575;&#1606; &#1601;&#1610; &#1608;&#1580;&#1608;&#1607; &#1575;&#1604;&#1576;&#1610;&#1575;&#1606; /</subfield><subfield code="c">[&#1575;&#1604;&#1601;&#1607;] &#1575;&#1576;&#1608; &#1575;&#1604;&#1581;&#1587;&#1610;&#1606; &#1575;&#1587;&#1581;&#1575;&#1602; &#1576;&#1606; &#1575;&#1576;&#1585;&#1575;&#1607;&#1610;&#1605; &#1576;&#1606; &#1587;&#1604;&#1610;&#1605;&#1575;&#1606; &#1576;&#1606; &#1608;&#1607;&#1576; &#1575;&#1604;&#1603;&#1575;&#1578;&#1576; &#1563; &#1578;&#1581;&#1602;&#1610;&#1602; &#1575;&#1581;&#1605;&#1583; &#1605;&#1591;&#1604;&#1608;&#1576;&#1548; &#1582;&#1583;&#1610;&#1580;&#1577; &#1575;&#1604;&#1581;&#1583;&#1610;&#1579;&#1610;.</subfield></datafield><datafield ind1="3" ind2=" " tag="880"><subfield code="6">246-03/r</subfield><subfield code="a">&#1606;&#1602;&#1583; &#1575;&#1604;&#1606;&#1579;&#1585;</subfield></datafield><datafield ind1=" " ind2=" " tag="880"><subfield code="6">250-04/r</subfield><subfield code="a">&#1575;&#1604;&#1591;&#1576;&#1593;&#1577; 1.</subfield></datafield><datafield ind1=" " ind2=" " tag="880"><subfield code="6">260-05/r</subfield><subfield code="a">[&#1576;&#1594;&#1583;&#1575;&#1583;] :</subfield><subfield code="b">&#1580;&#1575;&#1605;&#1593;&#1577; &#1576;&#1594;&#1583;&#1575;&#1583;&#1548;</subfield><subfield code="c">1967.</subfield></datafield><datafield ind1="1" ind2=" " tag="880"><subfield code="6">700-06/r</subfield><subfield code="a">&#1603;&#1575;&#1578;&#1576;&#1548; &#1575;&#1587;&#1581;&#1575;&#1602; &#1576;&#1606; &#1575;&#1576;&#1585;&#1575;&#1607;&#1610;&#1605;.</subfield></datafield><datafield ind1="0" ind2=" " tag="880"><subfield code="6">700-07/r</subfield><subfield code="a">&#1602;&#1583;&#1575;&#1605;&#1577; &#1576;&#1606; &#1580;&#1593;&#1601;&#1585;&#1548;,</subfield><subfield code="d">-922?</subfield></datafield><datafield ind1="1" ind2=" " tag="880"><subfield code="6">700-08/r</subfield><subfield code="a">&#1605;&#1591;&#1604;&#1608;&#1576;&#1548; &#1571;&#1581;&#1605;&#1583;.</subfield></datafield><datafield ind1="1" ind2=" " tag="880"><subfield code="6">700-09/r</subfield><subfield code="a">&#1581;&#1583;&#1610;&#1579;&#1610;&#1548; &#1582;&#1583;&#1610;&#1580;&#1577;.</subfield></datafield><datafield ind1=" " ind2=" " tag="959"><subfield code="a">NNU</subfield><subfield code="b">WEB</subfield><subfield code="c">GENI</subfield><subfield code="t">0</subfield><subfield code="m">Electronic access</subfield><subfield code="s">01</subfield></datafield><datafield ind1=" " ind2=" " tag="999"><subfield code="i">NIC_3527901</subfield><subfield code="o">(OCoLC)ocm31085910</subfield></datafield></record>